@inproceedings{das2016semantic,
  title={Semantic Model for Web-Based Big Data Using Ontology and Fuzzy Rule Mining},
  author={Das, Sufal and Kalita, Hemanta Kumar},
  booktitle={Proceedings of First International Conference on Information and Communication Technology for Intelligent Systems: Volume 2},
  pages={431--438},
  year={2016},
  organization={Springer}
}

@inproceedings{galarraga2013mining,
  title={Mining rules to align knowledge bases},
  author={Gal{\'a}rraga, Luis A and Preda, Nicoleta and Suchanek, Fabian M},
  booktitle={Proceedings of the 2013 workshop on Automated knowledge base construction},
  pages={43--48},
  year={2013},
  organization={ACM}
}

@inproceedings{d2012semantic,
  title={Semantic Knowledge Discovery from Heterogeneous Data Sources.},
  author={d'Amato, Claudia and Bryl, Volha and Serafini, Luciano},
  booktitle={EKAW},
  pages={26--31},
  year={2012},
  organization={Springer}
}